<?xml version="1.0" encoding="UTF-8"?><record xmlns="http://www.loc.gov/MARC21/slim" xmlns:cinclude="http://apache.org/cocoon/include/1.0" xmlns:zs="http://www.loc.gov/zing/srw/">
  <leader>00614nz  a2200169n  4500</leader>
  <controlfield tag="001">no2010131333</controlfield>
  <controlfield tag="003">DLC</controlfield>
  <controlfield tag="005">20100814075538.0</controlfield>
  <controlfield tag="008">100812n| acannaabn          |a aaa     c</controlfield>
  <datafield tag="010" ind1=" " ind2=" ">
    <subfield code="a">no2010131333</subfield>
  </datafield>
  <datafield tag="035" ind1=" " ind2=" ">
    <subfield code="a">(OCoLC)oca08590678</subfield>
  </datafield>
  <datafield tag="040" ind1=" " ind2=" ">
    <subfield code="a">RPB-NP</subfield>
    <subfield code="b">eng</subfield>
    <subfield code="c">RPB-NP</subfield>
  </datafield>
  <datafield tag="100" ind1="1" ind2=" ">
    <subfield code="a">Valle, Rau패l del,</subfield>
    <subfield code="d">1908-1973</subfield>
  </datafield>
  <datafield tag="400" ind1="1" ind2=" ">
    <subfield code="a">Del Valle, Rau패l,</subfield>
    <subfield code="d">1908-1973</subfield>
  </datafield>
  <datafield tag="400" ind1="1" ind2=" ">
    <subfield code="a">Valle, R. del</subfield>
    <subfield code="q">(Rau패l del),</subfield>
    <subfield code="d">1908-1973</subfield>
  </datafield>
  <datafield tag="670" ind1=" " ind2=" ">
    <subfield code="a">Arrabalera, 2007?:</subfield>
    <subfield code="b">cast credits (Rau패l del Valle)</subfield>
  </datafield>
  <datafield tag="670" ind1=" " ind2=" ">
    <subfield code="a">Internet movie database, Aug. 12, 2010</subfield>
    <subfield code="b">(b. 1908, Chile; d. Feb. 1973, Buenos Aires, Argentina; alternate name: R. del Valle; actor)</subfield>
  </datafield>
</record>